@article{akers78,
  author = {Akers, Sheldon B.},
  journal = {IEEE Transactions on Computers},
  month = {June},
  pages = {509--516},
  title = {Binary decision diagrams},
  volume = {C-27},
  year = {1978},
}

@article{bryant86,
  author = {Bryant, Randal E.},
  journal = {IEEE Transactions on Computers},
  month = {August},
  pages = {677--691},
  title = {Graph-based algorithms for {B}oolean function manipulation},
  volume = {C-35},
  year = {1986},
}

@article{joshi06,
  author = {Joshi, Rajeev and Nelson, Greg and Zhou, Yunhong},
  journal = {ACM Transactions on Programming Languages and Systems},
  month = {November},
  pages = {967--989},
  title = {Denali: a practical algorithm for generating optimal code},
  volume = {28},
  year = {2006},
}

@article{lee59,
  author = {Lee, C.Y.},
  journal = {Bell System Technical Journal},
  month = {July},
  pages = {985--999},
  title = {Representation of switching circuits by binary-decision programs},
  volume = {38},
  year = {1959},
}

@inproceedings{granlund92,
  author = {Granlund, Torbj\"{o}rn and Kenner, Richard},
  booktitle = {Proceedings of the ACM SIGPLAN 1992 conference on Programming language design and implementation},
  pages = {341--352},
  publisher = {ACM},
  series = {PLDI '92},
  title = {Eliminating branches using a superoptimizer and the {GNU C} compiler},
  year = {1992},
}

@inproceedings{joshi02,
  author = {Joshi, Rajeev and Nelson, Greg and Randall, Keith},
  booktitle = {Proceedings of the ACM SIGPLAN 2002 Conference on Programming language design and implementation},
  pages = {304--314},
  publisher = {ACM},
  series = {PLDI '02},
  title = {Denali: a goal-directed superoptimizer},
  year = {2002},
}

@inproceedings{massalin87,
  author = {Massalin, Henry},
  booktitle = {Proceedings of the second international conference on Architectual support for programming languages and operating systems},
  pages = {122--126},
  publisher = {IEEE Computer Society Press},
  series = {ASPLOS-II},
  title = {Superoptimizer: a look at the smallest program},
  year = {1987},
}

@inproceedings{minato90,
  author = {Minato, S. and Ishiura, N. and Yajima, S.},
  booktitle = {Proceedings of the 27th ACM/IEEE Design Automation Conference},
  pages = {52--57},
  publisher = {ACM},
  series = {DAC '90},
  title = {Shared binary decision diagram with attributed edges for efficient {B}oolean function manipulation},
  year = {1990},
}

@manual{amd_1,
  month = {November},
  note = {Publication number 24592, revision 3.15},
  organization = {Advanced Micro Devices, Inc.},
  title = {AMD64 Architecture Programmer's Manual, Volume 1: Application Programming},
  year = {2009},
}

@manual{amd_2,
  month = {June},
  note = {Publication number 24593, revision 3.17},
  organization = {Advanced Micro Devices, Inc.},
  title = {AMD64 Architecture Programmer's Manual, Volume 2: System Programming},
  year = {2010},
}

@manual{amd_3,
  month = {November},
  note = {Publication number 24594, revision 3.15},
  organization = {Advanced Micro Devices, Inc.},
  title = {AMD64 Architecture Programmer's Manual, Volume 3: General-Purpose and System Instructions},
  year = {2009},
}

@manual{amd_4,
  month = {December},
  note = {Publication number 26568, revision 3.11},
  organization = {Advanced Micro Devices, Inc.},
  title = {AMD64 Architecture Programmer's Manual, Volume 4: 128-Bit and 256-Bit Media Instructions},
  year = {2010},
}

@manual{amd_5,
  month = {December},
  note = {Publication number 26569, revision 3.11},
  organization = {Advanced Micro Devices, Inc.},
  title = {AMD64 Architecture Programmer's Manual, Volume 5: 64-Bit Media and x87 Floating-Point Instructions},
  year = {2009},
}

@manual{intel_1,
  month = {January},
  note = {Order number 253665-037US},
  organization = {Intel Corporation},
  title = {Intel 64 and IA-32 Architectures Software Developer's Manual, Volume 1: Basic Architecture},
  year = {2011},
}

@manual{intel_2a,
  month = {January},
  note = {Order number 253666-037US},
  organization = {Intel Corporation},
  title = {Intel 64 and IA-32 Architectures Software Developer's Manual, Volume 2A: Instruction Set Reference, A-M},
  year = {2011},
}

@manual{intel_2b,
  month = {January},
  note = {Order number 253667-037US},
  organization = {Intel Corporation},
  title = {Intel 64 and IA-32 Architectures Software Developer's Manual, Volume 2B: Instruction Set Reference, N-Z},
  year = {2011},
}

@manual{intel_3a,
  month = {January},
  note = {Order number 253668-037US},
  organization = {Intel Corporation},
  title = {Intel 64 and IA-32 Architectures Software Developer's Manual, Volume 3A: System Programming Guide, Part 1},
  year = {2011},
}

@manual{intel_3b,
  month = {January},
  note = {Order number 253669-037US},
  organization = {Intel Corporation},
  title = {Intel 64 and IA-32 Architectures Software Developer's Manual, Volume 3B: System Programming Guide, Part 2},
  year = {2011},
}

@phdthesis{bansal_thesis,
  author = {Bansal, Sorav},
  school = {Stanford University},
  title = {Peephole superoptimization},
  year = {2008},
}

@phdthesis{crick_thesis,
  author = {Crick, Tom},
  school = {University of Bath},
  title = {Superoptimisation: provably optimal code generation using answer set programming},
  year = {2009},
}
